@misc{url:wiki_modern_benoni,
    author = "Wikipedia",
    title = "Modern Benoni",
    howpublished = {\url{https://en.wikipedia.org/wiki/Modern_Benoni}}
}

@book{book:fighting_chess_with_hikaru,
	author = "Karsten Mueller. Raymund Stolze",
	publisher = "Edition Olms",
	year = "2012",
	title = "Fighting Chess with Hikaru"}

@book{book:nunn_grandmaster_move_by_move,
    author = "John Nunn",
    title = "Grandmaster Chess Move by Move",
    publisher = "Gambit",
	year = "2005",}
}

@book{book:secrets_of_modern_chess_strategy,
    author = "John Watson",
    title = "Secrets of Modern Chess Strategy",
    publisher = "Gambit",
	year = "1998",}
}

@book{book:fighting_chess_with_magnus_carlsen,
    author = "Adrian Mikhachishin, Oleg Stetsko",
    title = "Fighting Chess With Magnus Carlsen",
    publisher = "Edition Elms",
	year = "2012"}
}