@misc{url:wiki_modern_benoni,
    author = "Wikipedia",
    title = "Modern Benoni",
    howpublished = {\url{https://en.wikipedia.org/wiki/Modern_Benoni}}
}

@book{book:fighting_chess_with_hikaru,
	author = "Karsten Mueller. Raymund Stolze",
	publisher = "Edition Olms",
	year = "2012",
	title = "Fighting Chess with Hikaru"}

@book{book:grandmaster_chess_move_by_move,
	author = "John Nunn",
	publisher = "Gambit Publications Ltd",
	year = "2005",
	title = "Grandmaster Chess Move by Move"}


@book{book:my_best_games_korchnoi,
	author = "Viktor Korchnoi",
	publisher = "Edition Olms",
	year = "2011",
	title = "My Best Games"}