@misc{url:wiki_modern_benoni,
    author = "Wikipedia",
    title = "Modern Benoni",
    howpublished = {\url{https://en.wikipedia.org/wiki/Modern_Benoni}}
}